@book{deshpande2004c,
    title={C \& Data Structures},
    author={Deshpande, P.S. and Kakde, O.G.},
    isbn={9781584503385},
    lccn={2003021572},
    series={Charles River Media Computer Engineering},
    year={2004},
    publisher={Charles River Media}
}

@article{sleator1985self,
    title={Self-adjusting binary search trees},
    author={Sleator, Daniel Dominic and Tarjan, Robert Endre},
    journal={Journal of the ACM (JACM)},
    volume={32},
    number={3},
    pages={652--686},
    year={1985},
    publisher={ACM}
}

@book{bk:chesspieces, 
    author={Everett, G. and McLeod, R.}, 
    booktitle={Software Testing:Testing Across the Entire Software Development Life Cycle}, 
    title={Testing Strategy}, 
    year={2007}, 
    pages={66-78}, 
    doi={10.1002/9780470146354.ch4}, 
    publisher={Wiley-IEEE Press}, 
    isbn={9780470146354}
}

@REPORT{rep:devmethod,
    author={{Centeres for MEDICARE \& MEDICAID SERCVICES}},
    title={Selecting a development approach},
    year={2008},
    month={March}
}

@book{eklund2011arbeta,
    title={Arbeta i projekt: individen, gruppen, ledaren},
    author={Eklund, S.},
    isbn={9789144072753},
    year={2011},
    publisher={Studentlitteratur}
}

@electronic{web:requirementoverview,
    author = {R\"{o}nngren, R},
    title = {Enkel kravanalys/kravsammanst\"{a}llning},
    url = {https://www.kth.se/social/course/II1304/page/kravanalys/},
    urldate = {2015-12-08}
}
@book{creswell2013research,
    title={Research design: Qualitative, quantitative, and mixed methods approaches},
    author={Creswell, John W},
    year={2013},
    publisher={Sage publications}
}

@article{vuillemin1978data,
    title={A data structure for manipulating priority queues},
    author={Vuillemin, Jean},
    journal={Communications of the ACM},
    volume={21},
    number={4},
    pages={309--315},
    year={1978},
    publisher={ACM}
}

@electronic{web:induction,
    title={Deduction and Induction},
    author={Trochim, William M.K.},
    year={2006},
    url={http://www.socialresearchmethods.net/kb/dedind.php},
    urldate={2015-12-08}
}

@inproceedings{haakansson2013portal,
    title={Portal of research methods and methodologies for research projects and degree projects},
    author={H{\aa}kansson, Anne},
    booktitle={The 2013 World Congress in Computer Science, Computer Engineering, and Applied Computing WORLDCOMP 2013; Las Vegas, Nevada, USA, 22-25 July},
    pages={67--73},
    year={2013},
    organization={CSREA Press USA}
}

@book{merriam2009qualitative,
    title={Qualitative Research: A Guide to Design and Implementation},
    author={Merriam, S.B.},
    isbn={9780470283547},
    lccn={2008051528},
    series={Jossey-Bass higher and adult education series},
    year={2009},
    publisher={John Wiley \& Sons}
}

@article{robertdraft,
    title={Om experimentell och vetenskaplig metodik},
    author={R\"{o}nngren, Robert},
    year={2015},
}

@article{sleator1985self,
    title={Self-adjusting binary search trees},
    author={Sleator, Daniel Dominic and Tarjan, Robert Endre},
    journal={Journal of the ACM (JACM)},
    volume={32},
    number={3},
    pages={652--686},
    year={1985},
    publisher={ACM}
}
