@book{deshpande2004c,
    title={C \& Data Structures},
    author={Deshpande, P.S. and Kakde, O.G.},
    isbn={9781584503385},
    lccn={2003021572},
    series={Charles River Media Computer Engineering},
    year={2004},
    publisher={Charles River Media}
}

@book{eklund2011arbeta,
    title={Arbeta i projekt: individen, gruppen, ledaren},
    author={Eklund, S.},
    isbn={9789144072753},
    year={2011},
    publisher={Studentlitteratur}
}

@electronic{web:requirementoverview,
    author = {R\"{o}nngren, Robert},
    title = {Enkel kravanalys/kravsammanst\"{a}llning},
    url = {https://www.kth.se/social/course/II1304/page/kravanalys/},
    urldate = {2015-12-08}
}
@online{A3Experi4:online,
    author = {R\"{o}nngren, Robert},
    title = {\r{A}3 Experimentell metod -- planering},
    url = {https://kth.instructure.com/courses/2502/assignments/11804?module_item_id=33137},
    month = {},
    year = {},
    urldate = {2017-11-29}
}

@online{Uppgiftl9:online,
    author = {R\"{o}nngren, Robert},
    title = {Uppgift l\"{a}s\r{a}ret 15/16 | Ingenj\"{o}rskunskap och ingenj\"{o}rsrollen {ICT} ({II1304}) | {KTH}},
    url = {https://www.kth.se/social/course/II1304/page/uppgift-lasaret-1516/},
    month = {},
    year = {},
    urldate = {2015-12-08}
}

@online{A3Experi7:online,
    author = {R\"{o}nngren, Robert},
    title = {\r{A}3 Experimentell metod -- rapport},
    url = {https://kth.instructure.com/courses/2502/assignments/11805?module_item_id=33138},
    month = {},
    year = {},
    urldate = {2017-11-29}
}

@inproceedings{haakansson2013portal,
    title={Portal of research methods and methodologies for research projects and degree projects},
    author={H{\aa}kansson, Anne},
    booktitle={The 2013 World Congress in Computer Science, Computer Engineering, and Applied Computing WORLDCOMP 2013; Las Vegas, Nevada, USA, 22-25 July},
    pages={67--73},
    year={2013},
    organization={CSREA Press USA}
}

@online{Omexperi69:online,
    author = {R\"{o}nngren, Robert},
    title = {Om experimentell och vetenskaplig metodik.pdf},
    url = {https://www.kth.se/social/files/562ce17af2765431e02db7c3/Om%20experimentell%20och%20vetenskaplig%20metodik.pdf},
    month = {},
    year = {},
    urldate = {2017-11-28}
}
